<record><leader>00000cas a22000007a 4500</leader><controlfield tag="001">36829802</controlfield><controlfield tag="008">970430d19uu19uucauwr ne      0    0eng d</controlfield><datafield ind1=" " ind2=" " tag="010"><subfield code="a">sn 97060366 </subfield></datafield><datafield ind1=" " ind2=" " tag="040"><subfield code="a">CNK</subfield><subfield code="b">eng</subfield><subfield code="c">CNK</subfield><subfield code="d">OCLCQ</subfield><subfield code="d">OCLCO</subfield><subfield code="d">OCLCF</subfield></datafield><datafield ind1="1" ind2=" " tag="029"><subfield code="a">AU@</subfield><subfield code="b">000013250945</subfield></datafield><datafield ind1=" " ind2=" " tag="042"><subfield code="a">msc</subfield></datafield><datafield ind1=" " ind2=" " tag="043"><subfield code="a">n-us-ca</subfield></datafield><datafield ind1="0" ind2="0" tag="245"><subfield code="a">Highland/Del Rosa news enterprise.</subfield></datafield><datafield ind1="3" ind2=" " tag="246"><subfield code="a">News enterprise</subfield></datafield><datafield ind1="1" ind2="7" tag="246"><subfield code="a">Highland news enterprise</subfield></datafield><datafield ind1=" " ind2=" " tag="260"><subfield code="a">Highland, Calif. :</subfield><subfield code="b">Highland News Enterprise</subfield></datafield><datafield ind1=" " ind2=" " tag="300"><subfield code="a">v.</subfield></datafield><datafield ind1=" " ind2=" " tag="310"><subfield code="a">Weekly</subfield></datafield><datafield ind1=" " ind2=" " tag="588"><subfield code="a">Description based on: Vol. 41, no. 15 (Apr. 10, 1980).</subfield></datafield><datafield ind1=" " ind2="0" tag="651"><subfield code="a">Highland (Calif.)</subfield><subfield code="v">Newspapers.</subfield></datafield><datafield ind1=" " ind2="0" tag="651"><subfield code="a">San Bernardino (Calif.)</subfield><subfield code="v">Newspapers.</subfield></datafield><datafield ind1=" " ind2="7" tag="655"><subfield code="a">Newspapers.</subfield><subfield code="2">fast</subfield><subfield code="0">(OCoLC)fst01423814</subfield></datafield><datafield ind1=" " ind2="7" tag="651"><subfield code="a">California</subfield><subfield code="z">Highland.</subfield><subfield code="2">fast</subfield><subfield code="0">(OCoLC)fst01924096</subfield></datafield><datafield ind1=" " ind2="7" tag="651"><subfield code="a">California</subfield><subfield code="z">San Bernardino.</subfield><subfield code="2">fast</subfield><subfield code="0">(OCoLC)fst01212915</subfield></datafield><datafield ind1=" " ind2=" " tag="752"><subfield code="a">United States</subfield><subfield code="b">California</subfield><subfield code="c">San Bernardino</subfield><subfield code="d">Highland.</subfield></datafield></record>